@article{xen-memory-sharing,
 author = {Gupta, Diwaker and Lee, Sangmin and Vrable, Michael and Savage, Stefan and Snoeren, Alex C. and Varghese, George and Voelker, Geoffrey M. and Vahdat, Amin},
 title = {Difference engine: harnessing memory redundancy in virtual machines},
 journal = {Commun. ACM},
 issue_date = {October 2010},
 volume = {53},
 number = {10},
 month = oct,
 year = {2010},
 issn = {0001-0782},
 pages = {85--93},
 numpages = {9},
 url = {http://doi.acm.org/10.1145/1831407.1831429},
 doi = {10.1145/1831407.1831429},
 acmid = {1831429},
 publisher = {ACM},
 address = {New York, NY, USA},
} 

@article{vmware-memory-sharing,
  title={Memory resource management in VMware ESX server},
  author={Waldspurger, C.A.},
  journal={ACM SIGOPS Operating Systems Review},
  volume={36},
  number={SI},
  pages={181--194},
  year={2002},
  publisher={ACM}
}

@inproceedings{violin,
  title={Autonomic live adaptation of virtual computational environments in a multi-domain infrastructure},
  author={Ruth, P. and Rhee, J. and Xu, D. and Kennell, R. and Goasguen, S.},
  booktitle={Autonomic Computing, 2006. ICAC'06. IEEE International Conference on},
  pages={5--14},
  year={2006},
  organization={IEEE}
}

@inproceedings{pMapper,
  title={pMapper: power and migration cost aware application placement in virtualized systems},
  author={Verma, A. and Ahuja, P. and Neogi, A.},
  booktitle={Proceedings of the 9th ACM/IFIP/USENIX International Conference on Middleware},
  pages={243--264},
  year={2008},
  organization={Springer-Verlag New York, Inc.}
}

@inproceedings{bobroff2007dynamic,
  title={Dynamic placement of virtual machines for managing sla violations},
  author={Bobroff, N. and Kochut, A. and Beaty, K.},
  booktitle={Integrated Network Management, 2007. IM'07. 10th IFIP/IEEE International Symposium on},
  pages={119--128},
  year={2007},
  organization={IEEE}
}

@inproceedings{entropy-vee09,
  title={Entropy: a consolidation manager for clusters},
  author={Hermenier, F. and Lorca, X. and Menaud, J.M. and Muller, G. and Lawall, J.},
  booktitle={Proceedings of the 2009 ACM SIGPLAN/SIGOPS international conference on Virtual execution environments},
  pages={41--50},
  year={2009},
  organization={ACM}
}


@techreport{hyperV,
	title={{Windows Server 2008 - Hyper-V Product Overview - An Early Look}},
	year=2007,
	motn=dec,
	author={{Microsoft Corporation}}

}
@inproceedings{vmware,
  title={VMware's Virtual Platform},
  author={Rosenblum, M.},
  booktitle={Proceedings of Hot Chips},
  pages={185--196},
  year={1999}
}

@inproceedings{kvm,
  title={kvm: the Linux virtual machine monitor},
  author={Kivity, A. and Kamay, Y. and Laor, D. and Lublin, U. and Liguori, A.},
  booktitle={Proceedings of the Linux Symposium},
  volume={1},
  pages={225--230},
  year={2007}
}

@misc{vmware-esx,
        key = {Amazon},
	Howpublished = {\url{http://aws.amazon.com/ec2/instance-type}},
	Title = {{Amazon EC2 Instance Type}}
	}


@misc{amazon-types,
        key = {Amazon},
	Howpublished = {\url{http://aws.amazon.com/ec2/instance-type}},
	Title = {{Amazon EC2 Instance Type}}
	}

@misc{apache-http,
        key = {apache-http},
	Howpublished = {\url{http://httpd.apache.org}},
	Title = {{Apache HTTP Server Project}}
	}

@misc{apache-tomcat,
        key = {apache-tomcat},
	Howpublished = {\url{http://tomcat.apache.org}},
	Title = {{Apache Tomcat}}
}

@misc{mysql,
        key = {mysql},
	Howpublished = {\url{http://mysql.com}},
	Title = {{MySQL}}
}


@misc{rackspace,
        key = {Rackspace},
	Howpublished = {\url{http://www.rackspace.com}},
	Title = {{RackSpace Hosting}}
}

@misc{azure,
        key = {azure},
	Howpublished = {\url{http://www.windowazure.com}},
	Title = {{Windows Azure}}
}

		
@inproceedings{emulab,
 author = {Hibler, Mike and Ricci, Robert and Stoller, Leigh and Duerig, Jonathon and Guruprasad, Shashi and Stack, Tim and Webb, Kirk and Lepreau, Jay},
 title = {Large-scale virtualization in the Emulab network testbed},
 booktitle = {USENIX ATC},
 year = {2008},
 numpages = {16},
 url = {http://dl.acm.org/citation.cfm?id=1404014.1404023},
 acmid = {1404023},
} 

@article{g5k,
author = {F. Cappello and E. Caron and M. Dayde and F. Desprez and Y. Jegou and P. Primet and E. Jeannot and S. Lanteri and J. Leduc and N. Melab and G. Mornet and R. Namyst and B. Quetier and O. Richard},
title = {Grid'5000: A Large Scale and Highly Reconfigurable Grid Experimental Testbed},
journal ={IEEE/ACM Int. Workshop on Grid Computing},
isbn = {0-7803-9492-5},
year = {2005},
publisher = {IEEE Computer Society},
address = {Los Alamitos, CA, USA},
}

@misc{top500,
	Date-Added = {2009-05-19 18:25:09 +0200},
	Date-Modified = {2009-05-19 18:33:02 +0200},
	Howpublished = {\url{http://top500.org}},
	Key = {TOP},
	Title = {Top500 Supercomputing},
	Url = {\url{http://top500.org}},
	Bdsk-Url-1 = {http://top500.org}}


@misc{CDMI,
	Howpublished = {\url{http://snia.org/sites/default/files/CDMI_SNIA_Architecture_v1.0.1.pdf}},
	Key = {CDMI},
	Month = {sep},
	Title = {{Information Technology Cloud Data Management Interface (CDMI)}},
	institution={SNIA},	
	Year = {2011}
	}

@techreport{OCCI,
Title={{Open Cloud Computing Interface - Infrastructure}},
Author={{OCCI Working Group}},
Month={apr},
year=2011,
Howpublished={\url{http://ogf.org/documents/GFD.184.pdf}}
}
		
@misc{DMTF,
key={DMTF},
Title={{Distributed Management Task Force}},
Howpublished={\url{http://dtmf.org}}
}

@misc{OVF,
	Date-Added = {2009-06-22 18:42:56 +0200},
	Date-Modified = {2009-06-22 18:44:05 +0200},
	Howpublished = {\url{http://www.dmtf.org/standards/published_documents/DSP0243_1.0.0.pdf}},
	Key = {OVF},
	Month = {feb},
	Title = {Open Virtualization Format Specification},
	Year = {2009}}


%%%%%
% Datacenter design
%%%%%

%10GB ethernet
@inproceedings{10gigabit-sc03,
	Address = {Washington, DC, USA},
	Author = {Feng,, Wu-chun and Hurwitz,, Justin (Gus) and Newman,, Harvey and Ravot,, Sylvain and Cottrell,, R. Les and Martin,, Olivier and Coccetti,, Fabrizio and Jin,, Cheng and Wei,, Xiaoliang (David) and Low,, Steven},
	Booktitle = {SC '03: Proceedings of the 2003 ACM/IEEE conference on Supercomputing},
	Date-Added = {2009-05-15 14:26:27 +0200},
	Date-Modified = {2009-05-15 14:26:40 +0200},
	Isbn = {1-58113-695-1},
	Pages = {50},
	Publisher = {IEEE Computer Society},
	Title = {Optimizing 10-Gigabit Ethernet for Networks of Workstations, Clusters, and Grids: A Case Study},
	Year = {2003}}

%GB Ethernet
@article{gigabitethernet-icomputing99,
	Address = {Piscataway, NJ, USA},
	Author = {Frazier,, Howard and Johnson,, Howard},
	Date-Added = {2009-05-15 12:29:57 +0200},
	Date-Modified = {2009-05-15 12:30:24 +0200},
	Doi = {http://dx.doi.org/10.1109/4236.747317},
	Issn = {1089-7801},
	Journal = {IEEE Internet Computing},
	Number = {1},
	Pages = {24--31},
	Publisher = {IEEE Educational Activities Department},
	Title = {Gigabit Ethernet: From 100 to 1,000 Mbps},
	Volume = {3},
	Year = {1999},
	Bdsk-Url-1 = {http://dx.doi.org/10.1109/4236.747317}}
	
%Shipping containers of servers
@article{containers,
  author    = {James R. Hamilton},
  title     = {Architecture for Modular Data Centers},
  journal   = {Innovative Data Sys. Research},
  pages = {306--313}, 
  year      = {2007}
}

%% Fat trees network
%Original
@article{leiserson1985fat,
  title={Fat-trees- University networks for hardware-efficient supercomputing},
  author={Leiserson, C.E.},
  journal={IEEE Transactions on Computers},
  volume={34},
  pages={892--901},
  year={1985}
}

%New
@inproceedings{al2008scalable,
  title={A scalable, commodity data center network architecture},
  author={Al-Fares, M. and Loukissas, A. and Vahdat, A.},
  booktitle={ACM SIGCOMM Computer Communication Review},
  volume={38},
  number={4},
  pages={63--74},
  year={2008},
  organization={ACM}
}

%%Alternative to fat trees network
%For shipping containers
@inproceedings{guo2009bcube,
  title={BCube: a high performance, server-centric network architecture for modular data centers},
  author={Guo, C. and Lu, G. and Li, D. and Wu, H. and Zhang, X. and Shi, Y. and Tian, C. and Zhang, Y. and Lu, S.},
  booktitle={ACM SIGCOMM Computer Communication Review},
  volume={39},
  number={4},
  pages={63--74},
  year={2009},
  organization={ACM}
}

@article{greenberg2009vl2,
  title={VL2: a scalable and flexible data center network},
  author={Greenberg, A. and Hamilton, J.R. and Jain, N. and Kandula, S. and Kim, C. and Lahiri, P. and Maltz, D.A. and Patel, P. and Sengupta, S.},
  journal={ACM SIGCOMM Computer Communication Review},
  volume={39},
  number={4},
  pages={51--62},
  year={2009},
  publisher={ACM}
}

%Cluster on demand, utility computing
@inproceedings{cod-hpdc03,
	Address = {Washington, DC, USA},
	Author = {Chase, Jeffrey S. and Irwin, David E. and Grit, Laura E. and Moore, Justin D. and Sprenkle, Sara E.},
	Booktitle = {HPDC '03: Proceedings of the 12th IEEE International Symposium on High Performance Distributed Computing},
	Date-Added = {2009-07-07 17:15:13 +0200},
	Date-Modified = {2009-07-07 17:15:24 +0200},
	Isbn = {0-7695-1965-2},
	Pages = {90},
	Publisher = {IEEE Computer Society},
	Title = {Dynamic Virtual Clusters in a Grid Site Manager},
	Year = {2003}}

@inproceedings{beowulf-icpp05,
	Author = {Thomas Sterling and Donald J. Becker and Daniel Savarese and John E. Dorband and Udaya A. Ranawake and Charles V. Packer},
	Booktitle = {In Proceedings of the 24th International Conference on Parallel Processing},
	Date-Added = {2009-05-07 17:54:14 +0200},
	Date-Modified = {2009-05-07 17:54:33 +0200},
	Pages = {11--14},
	Publisher = {CRC Press},
	Title = {BEOWULF: A Parallel Workstation For Scientific Computation},
	Year = {1995}}
	
@article{googleArchitecture-micro03,
	Address = {Los Alamitos, CA, USA},
	Author = {Barroso,, Luiz Andr\'{e} and Dean,, Jeffrey and H\"{o}lzle,, Urs},
	Date-Added = {2009-05-20 11:10:08 +0200},
	Date-Modified = {2009-05-20 11:10:24 +0200},
	Doi = {http://dx.doi.org/10.1109/MM.2003.1196112},
	Issn = {0272-1732},
	Journal = {IEEE Micro},
	Number = {2},
	Pages = {22--28},
	Publisher = {IEEE Computer Society Press},
	Title = {Web Search for a Planet: The Google Cluster Architecture},
	Volume = {23},
	Year = {2003},
	Bdsk-Url-1 = {http://dx.doi.org/10.1109/MM.2003.1196112}}
	
	
@article{vmwareFT,
 author = {Scales, Daniel J. and Nelson, Mike and Venkitachalam, Ganesh},
 title = {The design of a practical system for fault-tolerant virtual machines},
 journal = {SIGOPS Oper. Syst. Rev.},
 issue_date = {December 2010},
 volume = {44},
 number = {4},
 month = dec,
 year = {2010},
 issn = {0163-5980},
 pages = {30--39},
 numpages = {10},
 url = {http://doi.acm.org/10.1145/1899928.1899932},
 doi = {10.1145/1899928.1899932},
 acmid = {1899932},
 publisher = {ACM},
 address = {New York, NY, USA},
} 

@inproceedings{remus,
  title={Remus: High availability via asynchronous virtual machine replication},
  author={Cully, B. and Lefebvre, G. and Meyer, D. and Feeley, M. and Hutchinson, N. and Warfield, A.},
  booktitle={Proceedings of the 5th USENIX Symposium on Networked Systems Design and Implementation},
  pages={161--174},
  year={2008}
}

@inproceedings{hermenier-xhpc06,
  title={Power management in grid computing with xen},
  author={Hermenier, F. and Loriant, N. and Menaud, J.M.},
  booktitle={Frontiers of High Performance Computing and Networking--ISPA 2006 Workshops},
  pages={407--416},
  year={2006},
  organization={Springer}
}

@techreport{wojtczuk,
  title={Following the White Rabbit: Software attacks against Intel VT-d technology},
  author={Wojtczuk, R. and Rutkowska, J.},
  year={2011},
  Howpublished={\url{http://www.invisiblethingslab.com/resources/2011/Software Attacks on Intel VT-d.pdf}},
  institution={Invisible Things Lab} 	 
}

@techreport{vmware-dpm,
  key={vmware-dpm},
  Title={{VMWare Distributed Power Management Concepts and Use}},
  Howpublished={\url{http://www.vmware.com/files/pdf/DPM.pdf}},
  Year={2009}
  }
  
@techreport{vsphere-license,
  key={sphere-license},
  Title={{VMware vSphere 5. Licensing, Pricing and Packaging}},
  Howpublished={\url{http://www.vmware.com/files/pdf/vsphere_pricing.pdf}},
  Year= {2011}
}
@techreport{DRS,
        Key = {VMWare},
	Title = {{VMWare Infrastructure: Resource Management with VMWare DRS}},
	Year = {2006}}

@misc{amazon-lonely,
      key = {Amazon dedicated instances},
      Howpublished = {\url{http://aws.amazon.com/dedicated-instances/}},
      Title = {{Amazon EC2 Dedicated Instances}}
}
      
@misc{amazon,
        key = {Amazon},
	Howpublished = {\url{http://aws.amazon.com/ec2/}},
	Title = {Amazon {EC2}}
}

@misc{f4g,
  Key = {Fit4Green},
  Howpublished = {\url{http://fit4green.eu}},
  Title = {Fit 4 Green},
  Year = {2011}
}

@inproceedings{cope-socc2011,
 author = {Liu, Changbin and Loo, Boon Thau and Mao, Yun},
 title = {Declarative automated cloud resource orchestration},
 booktitle = {Proceedings of the 2nd ACM Symposium on Cloud Computing},
 series = {SOCC '11},
 year = {2011},
 isbn = {978-1-4503-0976-9},
 location = {Cascais, Portugal},
 pages = {26:1--26:8},
 articleno = {26},
 numpages = {8},
 url = {http://doi.acm.org/10.1145/2038916.2038942},
 doi = {http://doi.acm.org/10.1145/2038916.2038942},
 acmid = {2038942},
 publisher = {ACM},
 address = {New York, NY, USA},
 keywords = {cloud computing, declarative queries, distributed optimizations, resource orchestration}
} 

@INPROCEEDINGS{bin-icdcs2011, 
author={Bin, E. and Biran, O. and Boni, O. and Hadad, E. and Kolodner, E.K. and Moatti, Y. and Lorenz, D.H.}, 
booktitle={31th ICDCS},
title={Guaranteeing High Availability Goals for Virtual Machine Placement}, 
year={2011}, 
month={june}, 
volume={}, 
number={}, 
doi={10.1109/ICDCS.2011.72},
ISSN={1063-6927}
}

@INPROCEEDINGS{harper-dcdv2011, 
author={Harper, R.E. and Tomek, L. and Biran, O. and Hadad, E.}, 
booktitle={2011 IEEE/IFIP 41st International Conference on Dependable Systems and Networks Workshops (DSN-W)}, 
title={A virtual resource placement service}, 
year={2011}, 
month={june}, 
volume={}, 
number={}, 
pages={158--163}, 
doi={10.1109/DSNW.2011.5958803}, 
ISSN={}
}

@article{dupont-energy2012,
title={{An Energy Aware Framework for Virtual Machine Placement in Cloud Federated Data Centres}},
author={Dupont, Corentin and Guilian, Giovanni and Hermenier, Fabien and Schulze, Thomas and Somov, Andrey},
year={2012},
booktitle={{3rd International Conference on Future Energy Systems (E-Energy 2012)}},
publisher={ACM}
}

@article{hermenier-cp2011,
  title={{Bin Repacking Scheduling in Virtualized Datacenters}},
  author={Hermenier, F. and Demassey, S. and Lorca, X.},
  journal={Principles and Practice of Constraint Programming--CP 2011},
  pages={27--41},
  year={2011},
  publisher={ACM}
}

@article{ebnf,
  title={BNF and EBNF: What are they and how do they work?},
  author={Garshol, L.M.}
}

@article{popek-commun74,
	Address = {New York, NY, USA},
	Author = {Popek,, Gerald J. and Goldberg,, Robert P.},
	Doi = {http://doi.acm.org/10.1145/361011.361073},
	Issn = {0001-0782},
	Journal = {Commun. ACM},
	Number = {7},
	Pages = {412--421},
	Publisher = {ACM},
	Title = {Formal requirements for virtualizable third generation architectures},
	Volume = {17},
	Year = {1974},
	Bdsk-Url-1 = {http://doi.acm.org/10.1145/361011.361073}}
	
@inproceedings{clark-nsdi2005,
	Author = {Christopher Clark and Keir Fraser and Steven Hand and Jacob Gorm Hansen and Eric Jul and Christian Limpach and Ian Pratt and Andrew Warfield},
	Booktitle = {2nd NSDI},
	Date-Added = {2009-11-08 18:02:35 +0100},
	Date-Modified = {2009-11-08 18:02:35 +0100},
	Pages = {273--286},
	Title = {Live Migration of Virtual Machines},
	Year = {2005}}

@inproceedings{vmotion,
	Address = {Berkeley, CA, USA},
	Author = {Nelson,, Michael and Lim,, Beng-Hong and Hutchins,, Greg},
	Booktitle = {ATEC '05: Proceedings of the annual conference on USENIX Annual Technical Conference},
	Date-Added = {2009-05-04 10:49:36 +0200},
	Date-Modified = {2009-05-04 10:53:54 +0200},
	Location = {Anaheim, CA},
	Pages = {25--25},
	Publisher = {USENIX Association},
	Title = {Fast transparent migration for virtual machines},
	Year = {2005}}
	
@INPROCEEDINGS{condor-classad,
    author = {Rajesh Raman and Miron Livny and Marvin Solomon},
    title = {Matchmaking: Distributed Resource Management for High Throughput Computing},
    booktitle = {In Proceedings of the Seventh IEEE International Symposium on High Performance Distributed Computing},
    year = {1998},
    pages = {28--31}
}

@INPROCEEDINGS{among,
    author = {Christian Bessiere and Emmanuel Hebrard and Brahim Hnich and Zeynep Kiziltan},
    title = {Among, common and disjoint constraints},
    booktitle = {In CSCLP: Recent Advances in Constraints, volume 3978 of LNCS},
    year = {2006},
    pages = {29--43},
    publisher = {Springer}
}

@article{allDiff,
	Author = {Willem Jan van Hoeve},
	Journal = {CoRR},
	Title = {The alldifferent Constraint: A Survey},
	Volume = {cs.PL/0105015},
	Year = {2001}
	}
	
@inproceedings{binPacking,
	Author = {Paul Shaw},
	Booktitle = {Principles and Practice of Constraint Programming (CP'04)},
	Date-Added = {2010-08-04 14:14:53 +0200},
	Date-Modified = {2010-08-04 14:15:00 +0200},
	Address = {Toronto, Canada},
	Pages = {648-662},
	Publisher = {Springer},
	Series = {Lecture Notes in Computer Science},
	Title = {A Constraint for Bin Packing},
	Volume = {3258},
	Year = {2004}}
		
@techreport{gccat,
	Author = {N. Beldiceanu and M. Carlsson and J.-X. Rampon},
	Date-Added = {2009-11-08 18:05:58 +0100},
	Date-Modified = {2009-11-08 18:05:58 +0100},
	Institution = {Swedish Institute of Computer Science},
	Number = {T2005-08},
	Title = {Global Constraint Catalog},
	Year = {2005},
	Bdsk-Url-1 = {http://www.emn.fr/x-info/sdemasse/gccat/}}
			
  
  @book{rossi-handbook,
	Author = {Francesca Rossi and Peter van Beek and Toby Walsh},
	Date-Added = {2009-11-08 18:07:08 +0100},
	Date-Modified = {2009-11-08 18:07:08 +0100},
	Isbn = {0444527265},
	Publisher = {Elsevier Science Inc.},
	Title = {Handbook of Constraint Programming},
	Year = {2006}}
	
  @article{disjoint,
	Abstract = {The paper presents propagation rules that are common to the minimum constraint family and to the number of distinct values constraint family. One practical interest of the paper is to describe an implementation of the number of distinct values constraint. This is a quite common counting constraint that one encounters in many practical applications such as time tabling or frequency allocation problems.},
	Author = {Beldiceanu, Nicolas},
	Date-Added = {2010-08-02 17:58:25 +0200},
	Date-Modified = {2010-08-02 17:58:39 +0200},
	Institution = {SICS publications database [http://eprints.sics.se/perl/oai2] (Sweden)},
	Location = {http://www.scientificcommons.org/45701482},
	Title = {Pruning for the minimum constraint family and for the number of distinct values constraint family},
	Url = {http://eprints.sics.se/3064/},
	Year = {2001},
	Bdsk-Url-1 = {http://eprints.sics.se/3064/}}
	
@inproceedings{element,
	Author = {Hentenryck, Pascal Van and Carillon, Jean-Philippe},
	Booktitle = {National Conference on Artificial Intelligence (AAAI-88)},
	Date-Added = {2010-08-02 17:52:39 +0200},
	Date-Modified = {2010-08-02 17:54:05 +0200},
	Title = {Generality versus specificity: An experience with AI and OR techniques},
	Year = {1988}}	
	
@inproceedings{xen-sosp03,
	Author = {Paul Barham and Boris Dragovic and Keir Fraser and Steven Hand and Tim Harris and Alex Ho and Rolf Neugebauer and Ian Pratt and Andrew Warfield},
	Booktitle = {19th SOSP},
	Pages = {164-177},
	Title = {Xen and the art of virtualization},
	Year = {2003}}

@techreport{vmi,
	key={vmi},
	title={Virtualization Management Index},
	year=2010,
	month=dec,
	issue={1},
	institution={{VKernel}}
}	

	